@book{Robert2007,
 title={The Bayesian choice: from decision-theoretic foundations to computational implementation},
 author={Robert, C.},
 year={2007},
 publisher={pringer Science \& Business Media}
}

@book{johnson2010statistics,
  title={Statistics: principles and methods},
  author={Johnson, Richard A and Bhattacharyya, Gouri K},
  year={2010},
  publisher={John Wiley \& Sons}
}

@book{ibe2014fundamentals,
  title={Fundamentals of applied probability and random processes},
  author={Ibe, Oliver},
  year={2014},
  publisher={Academic Press}
}

@book{cleveland1993visualizing,
  title={Visualizing data},
  author={Cleveland, William S},
  year={1993},
  publisher={Hobart Press}
}

@article{cleveland1984graphical,
  title={Graphical perception: Theory, experimentation, and application to the development of graphical methods},
  author={Cleveland, William S and McGill, Robert},
  journal={Journal of the American statistical association},
  volume={79},
  number={387},
  pages={531--554},
  year={1984},
  publisher={Taylor \& Francis Group}
}


@incollection{wilcoxon1992individual,
  title={Individual comparisons by ranking methods},
  author={Wilcoxon, Frank},
  booktitle={Breakthroughs in statistics},
  pages={196--202},
  year={1992},
  publisher={Springer}
}

@article{kruschke2013bayesian,
  title={Bayesian estimation supersedes the t test.},
  author={Kruschke, John K},
  journal={Journal of Experimental Psychology: General},
  volume={142},
  number={2},
  pages={573},
  year={2013},
  publisher={American Psychological Association}
}

@book{conover1998practical,
  title={Practical nonparametric statistics},
  author={Conover, William Jay},
  volume={350},
  year={1998},
  publisher={John Wiley \& Sons}
}

@book{jackman2009bayesian,
  title={Bayesian analysis for the social sciences},
  author={Jackman, Simon},
  volume={846},
  year={2009},
  publisher={John Wiley \& Sons}
}

@article{gelman2011inference,
  title={Inference from simulations and monitoring convergence},
  author={Gelman, Andrew and Shirley, Kenneth and others},
  journal={Handbook of markov chain monte carlo},
  volume={6},
  pages={163--174},
  year={2011},
  publisher={CRC Press Boca Raton, FL}
}

@article{kruschke2014doing,
  title={Doing Bayesian data analysis: A tutorial with R, JAGS, and Stan},
  author={Kruschke, John},
  year={2014},
  publisher={Academic Press}
}
